<?xml version="1.0" encoding="UTF-8"?><collection xmlns="http://www.loc.gov/MARC21/slim"><record><leader>00390nam--2200133-i-4500</leader><controlfield tag="001">000014019</controlfield><controlfield tag="002">20161230</controlfield><controlfield tag="005">20161230201030</controlfield><controlfield tag="008">060222s1000------------r-----000-0-eng-d</controlfield><datafield ind1=" " ind2=" " tag="080"><subfield code="a">547.002</subfield></datafield><datafield ind1=" " ind2=" " tag="245"><subfield code="a">Organicum. chimie organica practica</subfield></datafield><datafield ind1=" " ind2=" " tag="260"><subfield code="a">Bucuresti, Ed.Stiintifica Si Enciclopedica, 1980. 760 P. + 1 Fig</subfield></datafield><datafield ind1=" " ind2=" " tag="700"><subfield code="a">Heinz, Beker, Werner Berger, Gunter Domschke.</subfield></datafield><datafield ind1=" " ind2=" " tag="852"><subfield code="a">49483</subfield></datafield></record></collection>